@book{NkachevV,
  author    = {Ткачов, В. В. and Грулер, Г. and Нойбергер, Н. and Проценко, С. М. and Козарь, М. В.},
  title     = {Мікропроцесорна техніка : навч. посібник},
  address   = {Дніпропетровськ.},
  publisher = {Національний гірничий університет},
  year      = {2012},
  pagetotal = {188},
  isbn      = {978-966-350-359-2},
  language  = {ukrainian},
}

@book{CirulnikS,
  author    = {Цирульник, С. М. and Лисенко, Г. Л.},
  title     = {Проектування мікропроцесорних систем},
  address   = {Вінниця},
  publisher = {ВНТУ},
  year      = {2012},
  pagetotal = {191},
  isbn      = {978-966-641-463-5},
  language  = {ukrainian},
}

@book{KorneevV,
  author    = {Корнеев, В. В. and Киселев, А. В.},
  title     = {Современные микропроцессоры},
  edition   = {3-е},
  address   = {СПб.},
  publisher = {БХВ-Петербург},
  year      = {2003},
  pagetotal = {448},
  isbn      = {5-94157-385-5},
  language  = {russian},
}

@book{BezuglovD,
  author    = {Безуглов, Д. А. and Калиенко, И. В.},
  title     = {Цифровые устройства и микропроцессоры},
  edition   = {2-е},
  address   = {Ростов н/Д},
  publisher = {Феникс},
  year      = {2008},
  pagetotal = {468},
  isbn      = {978-5-222-13917-2},
  language  = {russian},
}

@book{BoykoV,
  author    = {Бойко, В. І. and Гуржій, А. М. and Жуйков, В. Я. and Зорі, А. А. and Співак, В. М. and Терещенко, В. О. and Багрій, В. В.},
  title     = {Схемотехніка електронних систем: У 3 кн. Кн. 3. Мікропроцесори та мікроконтролери: Підручник},
  address   = {Київ},
  publisher = {Вища шк.},
  year      = {2004},
  pagetotal = {399},
  isbn      = {966-642-193-3},
  language  = {ukrainian},
}

@book{HvoschS,
  author    = {Хвощ, С. Т. and Варлинский, Н. Н. and Попов, Е. А.},
  title     = {Микропроцессоры и микроЭВМ в системах автоматического управления: справочник},
  address   = {Ленинград},
  publisher = {Машиностроение. Ленингр. отд-ние},
  year      = {1987},
  pagetotal = {640},
  language  = {russian},
}

@book{Gilmor4,
  author    = {Гилмор, Ч.},
  title     = {Введание в микропроцесорную технику: Пер. с англ.},
  address   = {Москва},
  publisher = {Мир},
  year      = {1984},
  pagetotal = {334},
  language  = {russian},
}

@book{LeventalL,
  author    = {Левенталь, Л.},
  title     = {Введение в микропроцессоры: Программное обеспечение, аппаратные средства, программирование. Пер. с англ.},
  address   = {Москва},
  publisher = {Энергоатомиздат},
  year      = {1983},
  pagetotal = {464},
  language  = {russian},
}

@online{8080assembler,
  author      = {Intel\textregistered},
  title       = {Intel 8080 Assembly Language Programming Manual},
  year        = {1975},
  url         = {http://www.emuverse.ru/downloads/datasheets/	
processors/8080/Intel_8080_ASM_Lang_Manual.pdf},
  urldate     = {15.12.2020},
  hyphenation = {english},
  language    = {ukrainian}
}

@online{8080A,
  author      = {Intel\textregistered},
  title       = {Intel {8080A}/{8080A}-1/{8080A}-2 8-bit {N}-{C}hannel {M}icroprocessor},
  year        = {1986},
  url         = {http://www.emuverse.ru/downloads/datasheets/processors/8080/Intel_8080_Data_Sheet.pdf},
  urldate     = {15.12.2020},
  hyphenation = {english},
  language    = {ukrainian}
}
